<?xml version="1.0" encoding="UTF-8"?><Document xmlns="urn:iso:std:iso:20022:tech:xsd:camt.053.001.04"><BkToCstmrStmt><GrpHdr><MsgId>2023063000216070</MsgId><CreDtTm>2023-06-30T16:40:42</CreDtTm><MsgPgntn><PgNb>1</PgNb><LastPgInd>true</LastPgInd></MsgPgntn></GrpHdr><Stmt><Id>2023063000216070</Id><ElctrncSeqNb>4</ElctrncSeqNb><CreDtTm>2023-06-30T16:40:42</CreDtTm><FrToDt><FrDtTm>2022-01-01T00:00:00</FrDtTm><ToDtTm>2022-01-31T23:59:59</ToDtTm></FrToDt><Acct><Id><IBAN>CHxxxxxxxxxxxxxxxxxxx</IBAN></Id><Ccy>CHF</Ccy><Ownr><Nm>Reto Rütimann</Nm><PstlAdr><AdrLine>Hauptstrasse 42</AdrLine><AdrLine>8000 Zürich</AdrLine></PstlAdr></Ownr><Svcr><FinInstnId><BICFI>ABSOCH22XXX</BICFI><Nm>SAMPLEBANK222</Nm></FinInstnId></Svcr></Acct><Bal><Tp><CdOrPrtry><Cd>OPBD</Cd></CdOrPrtry></Tp><Amt Ccy="CHF">27058.43</Amt><CdtDbtInd>CRDT</CdtDbtInd><Dt><Dt>2022-01-13</Dt></Dt></Bal><Bal><Tp><CdOrPrtry><Cd>CLBD</Cd></CdOrPrtry></Tp><Amt Ccy="CHF">28278.34</Amt><CdtDbtInd>CRDT</CdtDbtInd><Dt><Dt>2022-01-31</Dt></Dt></Bal><TxsSummry><TtlNtries><NbOfNtries>4</NbOfNtries><Sum>12923.89</Sum><TtlNetNtry><Amt>1219.91</Amt><CdtDbtInd>CRDT</CdtDbtInd></TtlNetNtry></TtlNtries><TtlCdtNtries><NbOfNtries>2</NbOfNtries><Sum>7071.9</Sum></TtlCdtNtries><TtlDbtNtries><NbOfNtries>2</NbOfNtries><Sum>5851.99</Sum></TtlDbtNtries><TtlNtriesPerBkTxCd><NbOfNtries>2</NbOfNtries><Sum>5851.99</Sum><TtlNetNtry><Amt>5851.99</Amt><CdtDbtInd>DBIT</CdtDbtInd></TtlNetNtry><BkTxCd><Domn><Cd>PMNT</Cd><Fmly><Cd>ICDT</Cd><SubFmlyCd>OTHR</SubFmlyCd></Fmly></Domn></BkTxCd></TtlNtriesPerBkTxCd><TtlNtriesPerBkTxCd><NbOfNtries>1</NbOfNtries><Sum>17.45</Sum><TtlNetNtry><Amt>17.45</Amt><CdtDbtInd>CRDT</CdtDbtInd></TtlNetNtry><BkTxCd><Domn><Cd>PMNT</Cd><Fmly><Cd>RCDT</Cd><SubFmlyCd>OTHR</SubFmlyCd></Fmly></Domn></BkTxCd></TtlNtriesPerBkTxCd><TtlNtriesPerBkTxCd><NbOfNtries>1</NbOfNtries><Sum>7054.45</Sum><TtlNetNtry><Amt>7054.45</Amt><CdtDbtInd>CRDT</CdtDbtInd></TtlNetNtry><BkTxCd><Domn><Cd>PMNT</Cd><Fmly><Cd>RCDT</Cd><SubFmlyCd>SALA</SubFmlyCd></Fmly></Domn></BkTxCd></TtlNtriesPerBkTxCd></TxsSummry><Ntry><Amt Ccy="CHF">17.45</Amt><CdtDbtInd>CRDT</CdtDbtInd><RvslInd>false</RvslInd><Sts>BOOK</Sts><BookgDt><Dt>2022-01-14</Dt></BookgDt><ValDt><Dt>2022-01-14</Dt></ValDt><BkTxCd><Domn><Cd>PMNT</Cd><Fmly><Cd>RCDT</Cd><SubFmlyCd>OTHR</SubFmlyCd></Fmly></Domn></BkTxCd><NtryDtls><Btch><NbOfTxs>1</NbOfTxs><TtlAmt Ccy="CHF">17.45</TtlAmt><CdtDbtInd>CRDT</CdtDbtInd></Btch><TxDtls><Refs><AcctSvcrRef>ZV12345678/123456/1</AcctSvcrRef><EndToEndId>NOTPROVIDED</EndToEndId><TxId>123456CH123EFKVP</TxId></Refs><Amt Ccy="CHF">17.45</Amt><CdtDbtInd>CRDT</CdtDbtInd><AmtDtls><InstdAmt><Amt Ccy="CHF">17.45</Amt></InstdAmt><TxAmt><Amt Ccy="CHF">17.45</Amt></TxAmt></AmtDtls><RltdPties><Dbtr><Nm>Coop Genossenschaft</Nm><PstlAdr><StrtNm>Thiersteinerallee</StrtNm><BldgNb>12</BldgNb><PstCd>4053</PstCd><TwnNm>Basel</TwnNm><Ctry>CH</Ctry></PstlAdr></Dbtr><DbtrAcct><Id><IBAN>CH4709000000303071241</IBAN></Id></DbtrAcct><Cdtr><Nm>Reto Rütimann</Nm><PstlAdr><AdrLine>Hauptstrasse 42</AdrLine><AdrLine>8000 Zürich</AdrLine></PstlAdr></Cdtr></RltdPties><RltdAgts><DbtrAgt><FinInstnId><ClrSysMmbId><ClrSysId><Cd>CHSIC</Cd></ClrSysId><MmbId>090002</MmbId></ClrSysMmbId></FinInstnId></DbtrAgt></RltdAgts><RmtInf><Ustrd>0725458005 MIcrospot</Ustrd></RmtInf><AddtlTxInf>Gutschrift</AddtlTxInf></TxDtls></NtryDtls><AddtlNtryInf>Gutschrift</AddtlNtryInf></Ntry><Ntry><Amt Ccy="CHF">351.99</Amt><CdtDbtInd>DBIT</CdtDbtInd><RvslInd>false</RvslInd><Sts>BOOK</Sts><BookgDt><Dt>2022-01-25</Dt></BookgDt><ValDt><Dt>2022-01-25</Dt></ValDt><BkTxCd><Domn><Cd>PMNT</Cd><Fmly><Cd>ICDT</Cd><SubFmlyCd>OTHR</SubFmlyCd></Fmly></Domn></BkTxCd><NtryDtls><Btch><NbOfTxs>2</NbOfTxs><TtlAmt Ccy="CHF">351.99</TtlAmt><CdtDbtInd>DBIT</CdtDbtInd></Btch><TxDtls><Refs><AcctSvcrRef>ZV12345678/123456/1</AcctSvcrRef><InstrId>NOTPROVIDED</InstrId><EndToEndId>NOTPROVIDED</EndToEndId></Refs><Amt Ccy="CHF">300.59</Amt><CdtDbtInd>DBIT</CdtDbtInd><AmtDtls><InstdAmt><Amt Ccy="CHF">300.59</Amt></InstdAmt><TxAmt><Amt Ccy="CHF">300.59</Amt></TxAmt></AmtDtls><RltdPties><Dbtr><Nm>Reto Rütimann</Nm><PstlAdr><AdrLine>Hauptstrasse 42</AdrLine><AdrLine>8000 Zürich</AdrLine></PstlAdr></Dbtr><Cdtr><Nm>Example SA</Nm><PstlAdr><AdrLine>Hauptstrasse 42</AdrLine><AdrLine>9000 St. Gallen</AdrLine></PstlAdr></Cdtr><CdtrAcct><Id><IBAN>CH8109000000876930777</IBAN></Id></CdtrAcct></RltdPties><RltdAgts><CdtrAgt><FinInstnId><Nm>Raiffeisen</Nm><PstlAdr><AdrLine>Postfach</AdrLine><AdrLine>9001 St. Gallen</AdrLine></PstlAdr></FinInstnId></CdtrAgt></RltdAgts><RmtInf><Ustrd>RMXRAJGVF</Ustrd></RmtInf><AddtlTxInf>Belast. E-Banking</AddtlTxInf></TxDtls><TxDtls><Refs><AcctSvcrRef>ZV12345678/123456/2</AcctSvcrRef><InstrId>NOTPROVIDED</InstrId><EndToEndId>NOTPROVIDED</EndToEndId></Refs><Amt Ccy="CHF">51.4</Amt><CdtDbtInd>DBIT</CdtDbtInd><AmtDtls><InstdAmt><Amt Ccy="CHF">51.4</Amt></InstdAmt><TxAmt><Amt Ccy="CHF">51.4</Amt></TxAmt></AmtDtls><RltdPties><Dbtr><Nm>Reto Rütimann</Nm><PstlAdr><AdrLine>Hauptstrasse 42</AdrLine><AdrLine>8000 Zürich</AdrLine></PstlAdr></Dbtr><Cdtr><Nm>yallo c/o Sunrise Communications AG</Nm><PstlAdr><AdrLine>8050 Zürich</AdrLine></PstlAdr></Cdtr><CdtrAcct><Id><Othr><Id>01-73820-1</Id></Othr></Id></CdtrAcct></RltdPties><RltdAgts><CdtrAgt><FinInstnId><BICFI>POFICHBEXXX</BICFI></FinInstnId></CdtrAgt></RltdAgts><RmtInf><Strd><CdtrRefInf><Tp><CdOrPrtry><Prtry>ISR Reference</Prtry></CdOrPrtry></Tp><Ref>000000000123456789123456789</Ref></CdtrRefInf></Strd></RmtInf><AddtlTxInf>Belast. E-Banking 000000000123456789123456789</AddtlTxInf></TxDtls></NtryDtls><AddtlNtryInf>Belast. E-Banking</AddtlNtryInf></Ntry><Ntry><Amt Ccy="CHF">7054.45</Amt><CdtDbtInd>CRDT</CdtDbtInd><RvslInd>false</RvslInd><Sts>BOOK</Sts><BookgDt><Dt>2022-01-25</Dt></BookgDt><ValDt><Dt>2022-01-25</Dt></ValDt><BkTxCd><Domn><Cd>PMNT</Cd><Fmly><Cd>RCDT</Cd><SubFmlyCd>SALA</SubFmlyCd></Fmly></Domn></BkTxCd><NtryDtls><Btch><NbOfTxs>1</NbOfTxs><TtlAmt Ccy="CHF">7054.45</TtlAmt><CdtDbtInd>CRDT</CdtDbtInd></Btch></NtryDtls><AddtlNtryInf>Salär / Rente</AddtlNtryInf></Ntry><Ntry><Amt Ccy="CHF">5500</Amt><CdtDbtInd>DBIT</CdtDbtInd><RvslInd>false</RvslInd><Sts>BOOK</Sts><BookgDt><Dt>2022-01-31</Dt></BookgDt><ValDt><Dt>2022-01-31</Dt></ValDt><BkTxCd><Domn><Cd>PMNT</Cd><Fmly><Cd>ICDT</Cd><SubFmlyCd>OTHR</SubFmlyCd></Fmly></Domn></BkTxCd><NtryDtls><Btch><NbOfTxs>1</NbOfTxs><TtlAmt Ccy="CHF">5500</TtlAmt><CdtDbtInd>DBIT</CdtDbtInd></Btch><TxDtls><Refs><AcctSvcrRef>ZV12345678/123456/1</AcctSvcrRef><InstrId>NOTPROVIDED</InstrId><EndToEndId>NOTPROVIDED</EndToEndId></Refs><Amt Ccy="CHF">5500</Amt><CdtDbtInd>DBIT</CdtDbtInd><AmtDtls><InstdAmt><Amt Ccy="CHF">5500</Amt></InstdAmt><TxAmt><Amt Ccy="CHF">5500</Amt></TxAmt></AmtDtls><RltdPties><Dbtr><Nm>Reto Rütimann</Nm><PstlAdr><AdrLine>Hauptstrasse 42</AdrLine><AdrLine>8000 Zürich</AdrLine></PstlAdr></Dbtr><Cdtr><Nm>Meier Elisabeth</Nm><PstlAdr><AdrLine>Hauptstrasse 42</AdrLine><AdrLine>8000 Zürich</AdrLine></PstlAdr></Cdtr><CdtrAcct><Id><Othr><Id>1100-1234.567</Id></Othr></Id></CdtrAcct></RltdPties><RltdAgts><CdtrAgt><FinInstnId><Nm>Zurcher Kantonalbank</Nm><PstlAdr><AdrLine>Postfach</AdrLine><AdrLine>8010 Zurich</AdrLine></PstlAdr></FinInstnId></CdtrAgt></RltdAgts><RmtInf><Ustrd>Kosten</Ustrd></RmtInf><AddtlTxInf>Dauerauftrag</AddtlTxInf></TxDtls></NtryDtls><AddtlNtryInf>Dauerauftrag</AddtlNtryInf></Ntry></Stmt></BkToCstmrStmt></Document>
